<record><leader>00000cas a22000007a 4500</leader><controlfield tag="001">17781975</controlfield><controlfield tag="008">880412d191219uuohucr ne      0    0rum d</controlfield><datafield ind1=" " ind2=" " tag="010"><subfield code="a">sn 88086137 </subfield></datafield><datafield ind1=" " ind2=" " tag="040"><subfield code="a">NPV</subfield><subfield code="b">eng</subfield><subfield code="c">NPV</subfield><subfield code="d">OCLCQ</subfield></datafield><datafield ind1=" " ind2=" " tag="042"><subfield code="a">msc</subfield></datafield><datafield ind1="0" ind2="0" tag="245"><subfield code="a">Foaia Poporului.</subfield></datafield><datafield ind1="3" ind2="1" tag="246"><subfield code="a">People's news</subfield></datafield><datafield ind1=" " ind2=" " tag="260"><subfield code="a">Cleveland, Ohio :</subfield><subfield code="b">G.M. Ungureanu</subfield></datafield><datafield ind1=" " ind2=" " tag="300"><subfield code="a">v.</subfield></datafield><datafield ind1=" " ind2=" " tag="310"><subfield code="a">Semiweekly</subfield></datafield><datafield ind1="1" ind2=" " tag="362"><subfield code="a">Began in 1912?</subfield></datafield><datafield ind1=" " ind2=" " tag="500"><subfield code="a">"Cea mai poporala&#780; foaie Romaneasca&#780; cetita&#780; de majoritatea poporului roman din America s&#807;i intocmita&#780; pentru tribuintele poporului Roman-American."</subfield></datafield><datafield ind1=" " ind2=" " tag="546"><subfield code="a">In Romanian.</subfield></datafield><datafield ind1=" " ind2=" " tag="588"><subfield code="a">Description based on: Vol. 17, no. 50 (June 28, 1928).</subfield></datafield><datafield ind1=" " ind2=" " tag="752"><subfield code="a">United States</subfield><subfield code="b">Ohio</subfield><subfield code="c">Cuyahoga</subfield><subfield code="d">Cleveland.</subfield></datafield><datafield ind1="1" ind2=" " tag="029"><subfield code="a">AU@</subfield><subfield code="b">000025822317</subfield></datafield></record>